<record><leader>00000cas a22000007a 4500</leader><controlfield tag="001">14077808</controlfield><controlfield tag="008">860812d18961958txuwr ne      0    0eng d</controlfield><datafield ind1=" " ind2=" " tag="010"><subfield code="a">sn 86088463 </subfield></datafield><datafield ind1=" " ind2=" " tag="040"><subfield code="a">PPM</subfield><subfield code="b">eng</subfield><subfield code="c">PPM</subfield><subfield code="d">OCLCQ</subfield></datafield><datafield ind1=" " ind2=" " tag="042"><subfield code="a">msc</subfield></datafield><datafield ind1="0" ind2=" " tag="130"><subfield code="a">Crockett courier (Crockett, Tex. : 1896)</subfield></datafield><datafield ind1="1" ind2="4" tag="245"><subfield code="a">The Crockett courier.</subfield></datafield><datafield ind1="1" ind2="7" tag="246"><subfield code="a">Courier</subfield></datafield><datafield ind1=" " ind2=" " tag="260"><subfield code="a">Crockett, Tex. :</subfield><subfield code="b">Courier Pub. Co.,</subfield><subfield code="c">1890-</subfield></datafield><datafield ind1=" " ind2=" " tag="300"><subfield code="a">v. :</subfield><subfield code="b">ill. ;</subfield><subfield code="c">51 cm.</subfield></datafield><datafield ind1=" " ind2=" " tag="310"><subfield code="a">Weekly</subfield></datafield><datafield ind1="0" ind2=" " tag="362"><subfield code="a">Vol. 7, no. 2 (Feb. 14, 1896)-</subfield></datafield><datafield ind1="1" ind2=" " tag="362"><subfield code="a">Ceased in 1958.</subfield></datafield><datafield ind1=" " ind2=" " tag="752"><subfield code="a">United States</subfield><subfield code="b">Texas</subfield><subfield code="c">Houston</subfield><subfield code="d">Crockett.</subfield></datafield><datafield ind1="0" ind2="0" tag="780"><subfield code="t">Crockett weekly courier</subfield><subfield code="w">(DLC)sn 87090346</subfield></datafield><datafield ind1="0" ind2="7" tag="785"><subfield code="t">Crockett Democrat</subfield><subfield code="w">(DLC)sn 86088666</subfield></datafield><datafield ind1="0" ind2="7" tag="785"><subfield code="t">Crockett courier-Democrat</subfield><subfield code="w">(DLC)sn 86088620</subfield></datafield></record>